@Book{book-1,
author = {William Bentley and Peter T. Davis},
ALTeditor = {},
title = {LEAN SIX SIGMA SECRETS FOR THE CIO},
publisher = {CRC Press},
year = {2010},
OPTkey = {•},
OPTvolume = {•},
OPTnumber = {•},
OPTseries = {•},
OPTaddress = {•},
OPTedition = {•},
OPTmonth = {•},
OPTnote = {•},
OPTannote = {•}
}

@Book{book-2,
author = {Stephen P. Robbin and Timothy A. Judge},
ALTeditor = {},
title = {Essencials of Organizational Behavior 12th EDITION},
publisher = {Pearson Education, Inc},
year = {2014},
OPTkey = {•},
OPTvolume = {•},
OPTnumber = {•},
OPTseries = {•},
OPTaddress = {•},
OPTedition = {•},
OPTmonth = {•},
OPTnote = {•},
OPTannote = {•}
}

@Book{book-3,
author = {M. Freedman and Jonathan Passmore},
ALTeditor = {},
title = {The Wiley-Blackwell Handbook of the Psychology of Leadership, Change, and Organizational Development},
publisher = {A John Wiley \& Sons, Ltd},
year = {2013},
OPTkey = {•},
OPTvolume = {•},
OPTnumber = {•},
OPTseries = {•},
OPTaddress = {•},
OPTedition = {•},
OPTmonth = {•},
OPTnote = {•},
OPTannote = {•}
}

@Book{book-4,
author = {Steven L. McShane and Mary Ann Von Glinow},
ALTeditor = {},
title = {ORGANIZATIONAL BEHAVIOR eight edition},
publisher = {MC GRAW HILL Education},
year = {2018},
OPTkey = {•},
OPTvolume = {•},
OPTnumber = {•},
OPTseries = {•},
OPTaddress = {•},
OPTedition = {•},
OPTmonth = {•},
OPTnote = {•},
OPTannote = {•}
}

@Book{book-5,
author = {Garo D. Reisyan},
ALTeditor = {},
title = {Neuro-Organizational Culture A new approach to understanding human behavior and interaction in the workplace},
publisher = {Springer International Publishing Switzerland},
year = {2016},
OPTkey = {•},
OPTvolume = {•},
OPTnumber = {•},
OPTseries = {•},
OPTaddress = {•},
OPTedition = {•},
OPTmonth = {•},
OPTnote = {•},
OPTannote = {•}
}

@Book{book-6,
author = {James L. Gibson and John M. Ivancevich and James H. Donnelly and Jr. Robert Konopaske},
ALTeditor = {},
title = {ORGANIZATIONS: BEHAVIOR, STRUCTURE, PROCESSES, FOURTEENTH EDITION},
publisher = {McGraw-Hill},
year = {2012},
OPTkey = {•},
OPTvolume = {•},
OPTnumber = {•},
OPTseries = {•},
OPTaddress = {•},
OPTedition = {•},
OPTmonth = {•},
OPTnote = {•},
OPTannote = {•}
}

@Book{book-7,
author = {Stephen P. Robbins and Timothy A. Judge},
ALTeditor = {},
title = {Organizational Behavior, 17th edition},
publisher = {Pearson Education Limited},
year = {2016},
OPTkey = {•},
OPTvolume = {•},
OPTnumber = {•},
OPTseries = {•},
OPTaddress = {•},
OPTedition = {•},
OPTmonth = {•},
OPTnote = {•},
OPTannote = {•}
}

@Book{book-8,
author = {Jennifer M. George and Gareth R. Jones},
ALTeditor = {},
title = {Understanding and Managing Organizational Behavior sixth Edition},
publisher = {Prentice Hall},
year = {2012},
OPTkey = {•},
OPTvolume = {•},
OPTnumber = {•},
OPTseries = {•},
OPTaddress = {•},
OPTedition = {•},
OPTmonth = {•},
OPTnote = {•},
OPTannote = {•}
}

@Book{book-9,
author = {Carlos A. Marques Pinto and josé A. M. Salgado Rodrigues and Américo dos Santos and Luís T. Melo and Maria Arnaldina Dias Moreira and Rolando B. Rodrigues},
ALTeditor = {},
title = {Fundamentos de Gestão 5ª edição},
publisher = {Editorial Presença},
year = {2014},
OPTkey = {•},
OPTvolume = {•},
OPTnumber = {•},
OPTseries = {•},
OPTaddress = {•},
OPTedition = {•},
OPTmonth = {•},
OPTnote = {•},
OPTannote = {•}
}

@Book{book-10,
author = {EDWIN A. LOCKE},
ALTeditor = {EDWIN A. LOCKE},
title = {HANDBOOK OF PRINCIPLES OF ORGANIZATIONAL BEHAVIOR Indispensable Knowledge for Evidence-Bases Management Second Edition},
publisher = {WILEY},
year = {2009},
OPTkey = {•},
OPTvolume = {•},
OPTnumber = {•},
OPTseries = {•},
OPTaddress = {•},
OPTedition = {•},
OPTmonth = {•},
OPTnote = {•},
OPTannote = {•}
}

@Book{book-11,
author = {SARRA KESSLER},
ALTeditor = {SARRA KESSLER},
title = {Gigged THE END OF THE JOB AND THE FUTURE OF WORK},
publisher = {St Martin's Press},
year = {2018},
OPTkey = {•},
OPTvolume = {•},
OPTnumber = {•},
OPTseries = {•},
OPTaddress = {•},
OPTedition = {•},
OPTmonth = {•},
OPTnote = {•},
OPTannote = {•}
}

@Book{book-12,
	author = {CATHERINE HUGUET},
	ALTeditor = {Francisco Lyon de Castro},
	title = {COMO REDIGIR UM CURRICULUM VITAE},
	publisher = {PUBLICAÇÕES EUROPA-AMÉRICA, LDA},
	year = {2002},
	OPTkey = {•},
	OPTvolume = {•},
	OPTnumber = {•},
	OPTseries = {•},
	OPTaddress = {•},
	OPTedition = {•},
	OPTmonth = {•},
	OPTnote = {•},
	OPTannote = {•}
}

@Article{article-1,
author = {Robert Grundke Luca Marcolin The Linh Bao Nguyen Mariagrazia Aquicciarini},
ALTeditor = {},
title = {OECD Science, Technology and Industry Working Papers 2018/09},
publisher = {OECD/OCDE},
year = {2018},
journal = {•},
OPTkey = {•},
OPTvolume = {•},
OPTnumber = {•},
OPTseries = {•},
OPTaddress = {•},
OPTedition = {•},
OPTmonth = {•},
OPTnote = {•},
OPTannote = {•}
}

@Article{article-2,
	author = {net},
	ALTeditor = {},
	title = {Tabela de vencimentos para 2018},
	publisher = {},
	year = {2018},
	journal = {•},
	OPTkey = {•},
	OPTvolume = {•},
	OPTnumber = {•},
	OPTseries = {•},
	OPTaddress = {•},
	OPTedition = {•},
	OPTmonth = {•},
	OPTnote = {•},
	OPTannote = {•}
}

@Article{article-3,
	author = {Rui Mendes João Fernandes Carlota Silva},
	ALTeditor = {},
	title = {EVOLUÇÃO SALARIAL DOS DIPLOMADOS DO IST valores de 2011},
	publisher = {},
	year = {2011},
	journal = {•},
	OPTkey = {•},
	OPTvolume = {•},
	OPTnumber = {•},
	OPTseries = {•},
	OPTaddress = {•},
	OPTedition = {•},
	OPTmonth = {•},
	OPTnote = {•},
	OPTannote = {•}
}
