@Book{book_1,
ALTauthor = {William Bentley, Peter T. Davis},
ALTeditor = {},
title = {LEAN SIX SIGMA SECRETS FOR THE CIO},
publisher = {CRC Press},
year = {2010},
OPTkey = {•},
OPTvolume = {},
OPTnumber = {•},
OPTseries = {•},
OPTaddress = {•},
OPTedition = {English},
OPTmonth = {•},
OPTnote = {•},
OPTannote = {•}
}

@Book{book_2,
ALTauthor = {Stephen P. Robbin, Timothy A. Judge},
ALTeditor = {},
title = {Essencials of Organizational Behavior 12th EDITION},
publisher = {Pearson Education, Inc},
year = {2014},
OPTkey = {•},
OPTvolume = {•},
OPTnumber = {•},
OPTseries = {•},
OPTaddress = {•},
OPTedition = {•},
OPTmonth = {•},
OPTnote = {•},
OPTannote = {•}
}

@Book{book_3,
ALTauthor = {M. Freedman, Jonathan Passmore},
ALTeditor = {},
title = {The Wiley-Blackwell Handbook of the Psychology of Leadership, Change, and Organizational Development},
publisher = {A John Wiley \& Sons, Ltd},
year = {2013},
OPTkey = {•},
OPTvolume = {•},
OPTnumber = {•},
OPTseries = {•},
OPTaddress = {•},
OPTedition = {•},
OPTmonth = {•},
OPTnote = {•},
OPTannote = {•}
}

@Book{book_4,
ALTauthor = {Steven L. McShane, Mary Ann Von Glinow},
ALTeditor = {},
title = {ORGANIZATIONAL BEHAVIOR eight edition},
publisher = {MC GRAW HILL Education},
year = {2018},
OPTkey = {•},
OPTvolume = {•},
OPTnumber = {•},
OPTseries = {•},
OPTaddress = {•},
OPTedition = {•},
OPTmonth = {•},
OPTnote = {•},
OPTannote = {•}
}

@Book{book_5,
ALTauthor = {Garo D. Reisyan},
ALTeditor = {},
title = {Neuro-Organizational Culture A new approach to understanding human behavior and interaction in the workplace},
publisher = {Springer International Publishing Switzerland},
year = {2016},
OPTkey = {•},
OPTvolume = {•},
OPTnumber = {•},
OPTseries = {•},
OPTaddress = {•},
OPTedition = {•},
OPTmonth = {•},
OPTnote = {•},
OPTannote = {•}
}

@Book{book_6,
ALTauthor = {James L. Gibson, John M. Ivancevich, James H. Donnelly, Jr, Robert Konopaske},
ALTeditor = {},
title = {ORGANIZATIONS: BEHAVIOR, STRUCTURE, PROCESSES, FOURTEENTH EDITION},
publisher = {McGraw-Hill},
year = {2012},
OPTkey = {•},
OPTvolume = {•},
OPTnumber = {•},
OPTseries = {•},
OPTaddress = {•},
OPTedition = {•},
OPTmonth = {•},
OPTnote = {•},
OPTannote = {•}
}

@Book{book_7,
ALTauthor = {Stephen P. Robbins, Timothy A. Judge},
ALTeditor = {},
title = {Organizational Behavior, 17th edition},
publisher = {Pearson Education Limited},
year = {2016},
OPTkey = {•},
OPTvolume = {•},
OPTnumber = {•},
OPTseries = {•},
OPTaddress = {•},
OPTedition = {•},
OPTmonth = {•},
OPTnote = {•},
OPTannote = {•}
}

@Book{book_8,
ALTauthor = {Hamid R. Parsaei},
ALTeditor = {},
title = {SIMULATION MODELING HANDBOOK A Practical Approach},
publisher = {CRC Press LLC},
year = {2004},
OPTkey = {•},
OPTvolume = {•},
OPTnumber = {•},
OPTseries = {•},
OPTaddress = {•},
OPTedition = {•},
OPTmonth = {•},
OPTnote = {•},
OPTannote = {•}
}

@Book{book_9,
ALTauthor = {Jennifer M. George, Gareth R. Jones},
ALTeditor = {},
title = {Understanding and Managing Organizational Behavior sixth Edition},
publisher = {Prentice Hall},
year = {2012},
OPTkey = {•},
OPTvolume = {•},
OPTnumber = {•},
OPTseries = {•},
OPTaddress = {•},
OPTedition = {•},
OPTmonth = {•},
OPTnote = {•},
OPTannote = {•}
}

@Article{article_1,
ALTauthor = {Emmanuel Ogbonna and Lloyd c. Harris},
ALTeditor = {},
title = {Leadership style, organizational culture and performance: empirical evidence from UK companies},
publisher = {The International Journal of Human Resource Management},
year = {2000},
OPTkey = {•},
OPTvolume = {•},
OPTnumber = {•},
OPTseries = {•},
OPTaddress = {•},
OPTedition = {•},
OPTmonth = {•},
OPTnote = {•},
OPTannote = {•}
}

